01,122099999,123456789,241215,0800,1,80,,2/
02,031001234,122099999,1,241214,2359,EUR,2/
03,0975312468,EUR,010,500000,,,,015,750000,,,,040,480000,,,,045,720000,,,/
16,195,150000,0,,,INCOMING WIRE TRANSFER/
16,475,25000,0,,,CHECK PAYMENT/
49,875000,3/
03,0975312469,,010,1000000,,,,015,950000,,,,190,50000,1,0/
16,142,75000,0,,,ACH CREDIT/
49,1025000,2/
98,1900000,2,7/
02,031001234,122099999,1,241214,2359,,2/
03,1234567890,,010,2000000,,,,015,1850000,,,,060,1850000,,,/
16,447,100000,0,,,CREDIT PAYMENT/
16,451,50000,0,,,DEBIT PAYMENT/
49,1700000,3/
98,1700000,1,4/
99,3600000,2,13/
